@misc{ wiki:demo,
	author = "{Wikipedia contributors}",
	title = "Democracy --- {Wikipedia}{,} The Free Encyclopedia",
	year = "2020",
	url = "https://en.wikipedia.org/w/index.php?title=Democracy&oldid=990780353",
	note = "[Online; accessed 27-November-2020]"
}

 @misc{ wiki:seppv,
	author = "Wikipédia",
	title = "Séparation des pouvoirs --- Wikipédia{,} l'encyclopédie libre",
	year = "2020",
	url = "http://fr.wikipedia.org/w/index.php?title=S%C3%A9paration_des_pouvoirs&oldid=176066840",
	note = "[En ligne; Page disponible le 30-octobre-2020]"
}

@online{viepub:seppv,
	title = {La séparation des pouvoirs},
	date = {7 juillet 2018},
	url = {https://www.vie-publique.fr/parole-dexpert/270289-la-separation-des-pouvoirs},
}
